@BOOK{braun:scala,
  AUTHOR = {Braun, Oliver},
  	YEAR = {2010},
  	TITLE = {Scala - Objekt-funktionale Programmierung},
  	EDITION = {},
  	ISBN = {978-3-446-42399-2},
  	PUBLISHER = {Hanser Fachbuchverlag},
  	ADDRESS = {MÃ¼nchen},
}